@article{bouziani2023physics,
  title={Physics-driven machine learning models coupling PyTorch and Firedrake},
  author={Bouziani, Nacime and Ham, David A},
  journal={arXiv preprint arXiv:2303.06871},
  year={2023}
}