@article{pestourie2023physics,
  title     = {{Physics-enhanced deep surrogates for partial differential equations}},
  author    = {Pestourie, Rapha{\"e}l and Mroueh, Youssef and Rackauckas, Chris and Das, Payel and Johnson, Steven G},
  journal   = {Nature Machine Intelligence},
  volume    = {5},
  number    = {12},
  pages     = {1458--1465},
  year      = {2023},
  publisher = {Nature Publishing Group UK London}
}